[gd_scene load_steps=15 format=2]

[ext_resource path="res://Player Idle.PNG" type="Texture" id=1]
[ext_resource path="res://player_movement.gd" type="Script" id=2]
[ext_resource path="res://Run Cycle 1.PNG" type="Texture" id=3]
[ext_resource path="res://Run Cycle 2.PNG" type="Texture" id=4]
[ext_resource path="res://Run Cycle 3.PNG" type="Texture" id=5]
[ext_resource path="res://Player Jump.PNG" type="Texture" id=6]
[ext_resource path="res://Run Cycle 4.PNG" type="Texture" id=7]
[ext_resource path="res://Fix1.PNG" type="Texture" id=8]
[ext_resource path="res://Fix2.PNG" type="Texture" id=9]

[sub_resource type="RectangleShape2D" id=1]
extents = Vector2( 16, 32 )

[sub_resource type="Animation" id=2]
resource_name = "idle"
length = 3.0
loop = true
tracks/0/type = "value"
tracks/0/path = NodePath(".:texture")
tracks/0/interp = 1
tracks/0/loop_wrap = true
tracks/0/imported = false
tracks/0/enabled = true
tracks/0/keys = {
"times": PoolRealArray( 0 ),
"transitions": PoolRealArray( 1 ),
"update": 1,
"values": [ ExtResource( 1 ) ]
}
tracks/1/type = "value"
tracks/1/path = NodePath(".:scale")
tracks/1/interp = 1
tracks/1/loop_wrap = true
tracks/1/imported = false
tracks/1/enabled = true
tracks/1/keys = {
"times": PoolRealArray( 0, 1, 1.9 ),
"transitions": PoolRealArray( 1, 1, 1 ),
"update": 0,
"values": [ Vector2( 0.1, 0.1 ), Vector2( 0.105, 0.11 ), Vector2( 0.1, 0.1 ) ]
}

[sub_resource type="Animation" id=5]
resource_name = "interacting"
loop = true
tracks/0/type = "value"
tracks/0/path = NodePath(".:texture")
tracks/0/interp = 1
tracks/0/loop_wrap = true
tracks/0/imported = false
tracks/0/enabled = true
tracks/0/keys = {
"times": PoolRealArray( 0, 0.2, 0.4, 0.6, 0.8, 1 ),
"transitions": PoolRealArray( 1, 1, 1, 1, 1, 1 ),
"update": 1,
"values": [ ExtResource( 8 ), ExtResource( 9 ), ExtResource( 8 ), ExtResource( 9 ), ExtResource( 8 ), ExtResource( 9 ) ]
}
tracks/1/type = "value"
tracks/1/path = NodePath(".:scale")
tracks/1/interp = 1
tracks/1/loop_wrap = true
tracks/1/imported = false
tracks/1/enabled = true
tracks/1/keys = {
"times": PoolRealArray( 0 ),
"transitions": PoolRealArray( 1 ),
"update": 0,
"values": [ Vector2( 0.3, 0.3 ) ]
}

[sub_resource type="Animation" id=3]
resource_name = "jump"
tracks/0/type = "value"
tracks/0/path = NodePath(".:texture")
tracks/0/interp = 1
tracks/0/loop_wrap = true
tracks/0/imported = false
tracks/0/enabled = true
tracks/0/keys = {
"times": PoolRealArray( 0 ),
"transitions": PoolRealArray( 1 ),
"update": 1,
"values": [ ExtResource( 6 ) ]
}
tracks/1/type = "value"
tracks/1/path = NodePath(".:scale")
tracks/1/interp = 1
tracks/1/loop_wrap = true
tracks/1/imported = false
tracks/1/enabled = true
tracks/1/keys = {
"times": PoolRealArray( 0 ),
"transitions": PoolRealArray( 1 ),
"update": 0,
"values": [ Vector2( 0.1, 0.1 ) ]
}

[sub_resource type="Animation" id=4]
resource_name = "run"
length = 0.8
loop = true
tracks/0/type = "value"
tracks/0/path = NodePath(".:texture")
tracks/0/interp = 1
tracks/0/loop_wrap = true
tracks/0/imported = false
tracks/0/enabled = true
tracks/0/keys = {
"times": PoolRealArray( 0, 0.2, 0.4, 0.6, 0.8 ),
"transitions": PoolRealArray( 1, 1, 1, 1, 1 ),
"update": 1,
"values": [ ExtResource( 3 ), ExtResource( 4 ), ExtResource( 5 ), ExtResource( 7 ), ExtResource( 3 ) ]
}
tracks/1/type = "value"
tracks/1/path = NodePath(".:scale")
tracks/1/interp = 1
tracks/1/loop_wrap = true
tracks/1/imported = false
tracks/1/enabled = true
tracks/1/keys = {
"times": PoolRealArray( 0 ),
"transitions": PoolRealArray( 1 ),
"update": 0,
"values": [ Vector2( 0.1, 0.1 ) ]
}

[node name="Player" type="KinematicBody2D"]
script = ExtResource( 2 )

[node name="Camera2D" type="Camera2D" parent="."]
offset = Vector2( 0, -32 )
current = true

[node name="CollisionShape" type="CollisionShape2D" parent="."]
shape = SubResource( 1 )

[node name="JumpBufferTimer" type="Timer" parent="."]
wait_time = 0.2
one_shot = true

[node name="CoyoteTimer" type="Timer" parent="."]
wait_time = 0.25
one_shot = true

[node name="Sprite" type="Sprite" parent="."]
scale = Vector2( 0.3, 0.3 )
texture = ExtResource( 8 )

[node name="AnimationPlayer" type="AnimationPlayer" parent="Sprite"]
anims/idle = SubResource( 2 )
anims/interacting = SubResource( 5 )
anims/jump = SubResource( 3 )
anims/run = SubResource( 4 )
[connection signal="timeout" from="JumpBufferTimer" to="." method="_on_JumpBufferTimer_timeout"]
